<record><leader>00000cas a22000007a 4500</leader><controlfield tag="001">22448164</controlfield><controlfield tag="008">900928d19891995maudn ne      0    0eng d</controlfield><datafield ind1=" " ind2=" " tag="010"><subfield code="a">sn 89062498 </subfield></datafield><datafield ind1=" " ind2=" " tag="040"><subfield code="a">MGN</subfield><subfield code="b">eng</subfield><subfield code="c">MGN</subfield><subfield code="d">OCLCQ</subfield></datafield><datafield ind1=" " ind2=" " tag="042"><subfield code="a">msc</subfield></datafield><datafield ind1="0" ind2=" " tag="130"><subfield code="a">Patriot ledger (Quincy, Mass. : Suburban ed.)</subfield></datafield><datafield ind1="1" ind2="4" tag="245"><subfield code="a">The Patriot ledger.</subfield></datafield><datafield ind1=" " ind2=" " tag="250"><subfield code="a">Suburban ed.</subfield></datafield><datafield ind1=" " ind2=" " tag="260"><subfield code="a">Quincy, Mass. :</subfield><subfield code="b">George Prescott Pub. Co.</subfield></datafield><datafield ind1=" " ind2=" " tag="300"><subfield code="a">v.</subfield></datafield><datafield ind1=" " ind2=" " tag="310"><subfield code="a">Daily (except Sun. and holidays)</subfield></datafield><datafield ind1="0" ind2=" " tag="362"><subfield code="a">Vol. 153, no. 208 (Sept. 11, 1989)-v. 159, no. 243 (Oct. 20, 1995).</subfield></datafield><datafield ind1=" " ind2=" " tag="752"><subfield code="a">United States</subfield><subfield code="b">Massachusetts</subfield><subfield code="c">Norfolk</subfield><subfield code="d">Quincy.</subfield></datafield><datafield ind1="0" ind2="0" tag="780"><subfield code="t">Patriot ledger (Quincy, Mass. : West ed.)</subfield><subfield code="w">(DLC)sn 89062497</subfield></datafield><datafield ind1="0" ind2="4" tag="785"><subfield code="t">Patriot ledger (Quincy, Mass. : City ed.)</subfield><subfield code="w">(DLC)sn 89062494</subfield></datafield></record>